@article{devalois82,
author={Russel DeValois and E. W. Yund and N. Hepler},
title={The Orientation and Direction Selectivity of Cells in Macaque Visual Cortex},
journal={Vision Research},
volume={22},
year = 1982,
pages = {531-544}
}

@article{foster85,
author={Kent Foster and James Gaska and Miriam Nagler and Daniel Pollen},
title={Spatial and Temporal Frequency Selectivity of Neurones in Visual Cortical Areas V1 and V2 of the Macaque Monkey},
journal={Journal of Physiology},
volume={15},
year = 1985,
pages = {331-363}
}

@article{carandini97,
author={Matteo Carandini and David Heeger and J.A. Movshon},
title={Linearity and normalization in simple cells of the macaque primary visual cortex},
journal={Journal of Neuroscience},
volume={17},
year = 1997,
pages = {8621-44}
}

@article{hw59,
author={D.H. Hubel and T.N. Wiesel},
title={Receptive fields of single neurones in the cat's striate cortex},
journal={Journal of Physiology},
volume={148},
year = 1959,
pages = {574â€“591}
}

@article{jp87,
author={J.P. Jones and L. Palmer},
title={The two-dimensional spatial structure of simple receptive fields in cat striate cortex},
journal={Journal of Neurophysiology},
volume={56},
year = 1987,
pages = {1187-211}
}
